<record><leader>00000cas a2200000   4500</leader><controlfield tag="001">3410675</controlfield><controlfield tag="008">771111d19771991coudn ne      0   a0eng d</controlfield><datafield ind1=" " ind2=" " tag="010"><subfield code="a">sn 81004130 </subfield></datafield><datafield ind1=" " ind2=" " tag="040"><subfield code="a">COA</subfield><subfield code="b">eng</subfield><subfield code="c">COA</subfield><subfield code="d">NSD</subfield><subfield code="d">NST</subfield><subfield code="d">DLC</subfield><subfield code="d">EBZ</subfield><subfield code="d">OCL</subfield><subfield code="d">OCLCQ</subfield><subfield code="d">OCLCF</subfield><subfield code="d">OCLCO</subfield></datafield><datafield ind1=" " ind2=" " tag="012"><subfield code="i">8606</subfield><subfield code="l">a</subfield><subfield code="m">1</subfield></datafield><datafield ind1="1" ind2=" " tag="022"><subfield code="a">0277-4941</subfield><subfield code="l">0277-4941</subfield><subfield code="2">1</subfield></datafield><datafield ind1="1" ind2=" " tag="029"><subfield code="a">AU@</subfield><subfield code="b">000022102501</subfield></datafield><datafield ind1=" " ind2=" " tag="032"><subfield code="a">143440</subfield><subfield code="b">USPS</subfield></datafield><datafield ind1=" " ind2=" " tag="037"><subfield code="b">McGraw-Hill Information Systems, 123 Speer Blvd., Denver, CO 80203</subfield></datafield><datafield ind1=" " ind2=" " tag="042"><subfield code="a">nsdp</subfield></datafield><datafield ind1=" " ind2=" " tag="043"><subfield code="a">n-us-co</subfield></datafield><datafield ind1=" " ind2="4" tag="050"><subfield code="a">K4</subfield><subfield code="b">.A35</subfield></datafield><datafield ind1=" " ind2="4" tag="222"><subfield code="a">The Daily journal</subfield><subfield code="b">(Denver, Colo.)</subfield></datafield><datafield ind1="0" ind2="4" tag="245"><subfield code="a">The Daily journal.</subfield></datafield><datafield ind1=" " ind2=" " tag="260"><subfield code="a">Denver,</subfield><subfield code="b">F.W. Dodge Division, McGraw-Hill Information Systems Co.</subfield></datafield><datafield ind1=" " ind2=" " tag="300"><subfield code="a">v.</subfield><subfield code="c">44 cm.</subfield></datafield><datafield ind1=" " ind2=" " tag="310"><subfield code="a">Daily, except Saturdays, Sundays, and legal holidays.</subfield></datafield><datafield ind1="1" ind2=" " tag="362"><subfield code="a">Ceased in June 1991.</subfield></datafield><datafield ind1=" " ind2=" " tag="500"><subfield code="a">"Serves construction, law, real estate, insurance, and financial fields."</subfield></datafield><datafield ind1=" " ind2=" " tag="500"><subfield code="a">"Official publication of the State of Colorado and a contract newspaper for the publication of City and County of Denver legal notices."</subfield></datafield><datafield ind1=" " ind2="0" tag="650"><subfield code="a">Law</subfield><subfield code="z">Colorado</subfield><subfield code="v">Periodicals.</subfield></datafield><datafield ind1=" " ind2="0" tag="650"><subfield code="a">Business</subfield><subfield code="v">Periodicals.</subfield></datafield><datafield ind1=" " ind2="7" tag="655"><subfield code="a">Periodicals.</subfield><subfield code="2">fast</subfield><subfield code="0">(OCoLC)fst01411641</subfield></datafield><datafield ind1=" " ind2="7" tag="650"><subfield code="a">Business.</subfield><subfield code="2">fast</subfield><subfield code="0">(OCoLC)fst00842262</subfield></datafield><datafield ind1=" " ind2="7" tag="650"><subfield code="a">Law.</subfield><subfield code="2">fast</subfield><subfield code="0">(OCoLC)fst00993678</subfield></datafield><datafield ind1=" " ind2="7" tag="651"><subfield code="a">Colorado.</subfield><subfield code="2">fast</subfield><subfield code="0">(OCoLC)fst01210251</subfield></datafield><datafield ind1=" " ind2=" " tag="850"><subfield code="a">CoFS</subfield></datafield><datafield ind1=" " ind2=" " tag="936"><subfield code="a">unknown</subfield><subfield code="a">Apr. 6, 1981</subfield></datafield></record>